% Encoding: UTF-8

@Article{garcia2014lectura,
  author    = {Garc{\'\i}a Mu{\~n}oz, {\'O}scar},
  title     = {Lectura f{\'a}cil: m{\'e}todos de redacci{\'o}n y evaluaci{\'o}n},
  year      = {2014},
  publisher = {Real Patronato sobre Discapacidad},
}


@InProceedings{Bott2012, 
  author        = {Bott, Stefan and Saggion, Horacio}, 
  title         = {Automatic simplification of spanish text for e-accessibility}, 
  booktitle     = {International Conference on Computers for Handicapped Persons}, 
  year          = {2012}, 
  pages         = {527--534}, 
  organization  = {Springer}, 
  __markedentry = {[gonza:6]}, 
} 


@Misc{europe2010informacion,
  author = {Europe, Inclusion},
  title  = {Informaci{\'o}n para todos. Las reglas europeas para hacer informaci{\'o}n f{\'a}cil de leer y comprender (en l{\'\i}nea)},
  year   = {2010},
}

@InProceedings{vstajner2018cats,
  author    = {{\v{S}}tajner, Sanja and Franco-Salvador, Marc and Rosso, Paolo and Ponzetto, Simone Paolo},
  title     = {Cats: A tool for customized alignment of text simplification corpora},
  booktitle = {Proceedings of the Eleventh International Conference on Language Resources and Evaluation (LREC 2018)},
  year      = {2018},
}

@Comment{jabref-meta: databaseType:bibtex;}
